@misc{pcapformat,
	author = "Wireshark Wiki",
	title = "Libpcap File Format",
	year = "2015",
	url = "https://wiki.wireshark.org/Development/LibpcapFileFormat",
	note = "[online, cit. 20.11.2016]",
}
@misc{ethernetframe,
	author = "Wikipedia",
	title = "Ethernet frame - Wikipedia",
	year = "2016",
	title = "Ethernet frame - Wikipedia",
	url = "https://en.wikipedia.org/wiki/Ethernet\_frame",
}
@misc{ethernetframeimg,
	author = "",
	title = "Ethernet frame",
	year = "",
	url = "http://www.inacon.de/ph/data/Ethernet/Ethernet-II-Frame\_OS\_IEEE-802-3.htm",
	note = "[online, cit. 20.11.2016]",
}
@misc{osemdvavlan,
	author = "Wikipedia",
	title = "IEEE 801.1Q",
	year = "2016",
	url = "https://en.wikipedia.org/wiki/IEEE\_802.1Q",
	note = "[online, cit. 20.11.2016]",
}
@misc{ipv4-img,
	author = "",
	title = "IPv4 Header",
	year = "",
	url = "http://www.inacon.de/ph/data/IPv4/IP-Header-Format\_OS\_RFC-791.htm",
	note = "[online, cit. 20.11.2016]",
}
@misc{ipv6-img,
	author = "",
	title = "IPv6 Header",
	year = "",
	url = "http://www.ipv6.com/articles/general/IPv6-Header.htm",
	note = "[online, cit. 20.11.2016]",
}
@misc{arp,
	author = "Wikipedia",
	title = "Arp",
	year = "2016",
	url = "https://en.wikipedia.org/wiki/Address\_Resolution\_Protocol",
	note = "[online, cit. 20.11.2016]",
}
@misc{udpprotocol,
	author = "Wikipedia",
	title = "User Datagram Protocol",
	year = "2016",
	url = "https://en.wikipedia.org/wiki/User\_Datagram\_Protocol",
	note = "[online, cit. 20.11.2016]",
}
