@Article{KvalitaVzduchu,
      author =       "Lucie Šancová, Jiří Beranovský and Petr Kotek and Petr Vogel and Jan Antonín and František Macholda",
      title =        "{\it Větrání panelových domů - opatření a jejich limity}",
      year =         "2010",
      month =        Jan,
      url =          "https://vetrani.tzb-info.cz/vnitrni-prostredi/6486-kvalita-vnejsiho-a-vnitrniho-vzduchu",
      issn =         "1801-4399",
      journal =      "TZB-info",
      note =         "[Online; navštívené 28.05.2018]"
}

@MISC{VonkajsieOvzdusie,
      author =       "Kolektiv pracovníků Státního zdravotního ústavu",
      title =        "{\it Venkovní ovzduší}",
      year =         "2015",
      month =        Jan,
      url =          "http://www.szu.cz/tema/zivotni-prostredi/venkovni-ovzdusi-2",
      note =         "[Online; navštívené 28.05.2018]"
}

@MISC{VnutorneOvzdusie,
      author =       "Kolektiv pracovníků Státního zdravotního ústavu",
      title =        "{\it Vnitřní prostředí (Urbanismus a bydlení) - hygienické aspekty}",
      year =         "",
      month =        "",
      url =          "http://www.szu.cz/tema/zivotni-prostredi/urbanismus-a-bydleni-hygienicke-aspekty",
      note =         "[Online; navštívené 28.05.2018]"
}

@MISC{KvalitaVnutornehoProstredia,
      author =       "Firma Crisp Air Ltd.",
      title =        "{\it Čistička - znečištění ovzduší vnitřního prostředí domácností}",
      year =         "",
      month =        "",
      url =          "http://cisticka.sweb.cz/cistota-ovzdusi.htm",
      note =         "[Online; navštívené 28.05.2018]"
}

@Article{IndoorAirQualityAndHealt,
      author =       "A.P. Jones",
      title =        "{\it Indoor air quality and health}",
      year =         "1999",
      month =        Dec,
      volume =       "33",
      journal =      "Atmospheric Environment",
      number = "28",
      pages = "4535 - 4564",
      issn =         "1352-2310",
      url =          "http://www.sciencedirect.com/science/article/pii/S1352231099002721",
      note =         "[Online; navštívené 28.05.2018]"
}

@BOOK{SickBuildingSyndrome,
      author =       "London Hazards Centre",
      title =        "{\it Sick Building Syndrome: Causes Effects and Control}",
      publisher =    "London Hazards Centre True Limited",
      year =         "1990",
      month =        Jun,
      pages =        "94",
      isbn =         "0-948974-06-0",
}

@BOOK{AtmosferaAKlima,
      author =       "Martin Braniš",
      title =        "{\it Atmosféra a klima. Aktuální otázky znečištění ovzduší}",
      publisher =    "Karolinum",
      year =         "2009",
      pages =        "351",
      isbn =         "9788024615981",
}

@MISC{Hemoglobin,
      author =       "{MEFANET, síť lékařských fakult ČR a SR}",
      title =        "{\it Hemoglobin a jeho deriváty}",
      year =         "2018",
      month =        Jan,
      url =          "https://www.wikiskripta.eu/w/Hemoglobin_a_jeho_deriváty_(LF_MU)",
      note =         "[Online; navštívené 28.05.2018]"
}

@MISC{VyhlaskaKvalitaVnutornehoOvzdusiaCO,
      author =       "Kolektiv pracovníků Státního zdravotního ústavu",
      title =        "{\it Technické požadavky na stavby}",
      year =         "2012",
      month =        Jan,
      url =          "http://www.szu.cz/uploads/documents/chzp/ovzdusi/Aktualni_legislativa/novela_286_2012_20.pdf",
      note =         "[Online; navštívené 28.05.2018]"
}

@Article{VplyvOxiduUhlicitehoNaLudskyOrganizmus,
      author =       "Zdeněk Zikán",
      title =        "{\it Oxid uhličitý - utajený nepřítel}",
      year =         "2011",
      month =        Feb,
      url =          "https://vetrani.tzb-info.cz/vnitrni-prostredi/7132-oxid-uhlicity-utajeny-nepritel",
      issn =         "1801-4399",
      journal =      "TZB-info",
      note =         "[Online; navštívené 28.05.2018]"
}

@MISC{PettenkoferovoKriterium,
      author =       "Zuzana Mathauserová",
      title =        "{\it VÝZNAM VĚTRÁNÍ V BUDOVÁCH}",
      year =         "",
      url =          "http://www.cklop.cz/2014/02_Mathauserova_Vyznam_vetrani.pdf",
      note =         "[Online; navštívené 28.05.2018]"
}

@Article{VyuzitieCO2,
      author =       "Karel Bušta andZdeněk Wagner",
      title =        "{\it Oxid uhličitý a možnosti jeho využití I - fyzikální a chemické vlastnosti a jejich využití v praxi}",
      year =         "2012",
      month =        Apr,
      url =          "https://oze.tzb-info.cz/teorie-obnovitelna-energie/8492-oxid-uhlicity-a-moznosti-jeho-vyuziti-i",
      issn =         "1801-4399",
      journal =      "TZB-info",
      note =         "[Online; navštívené 28.05.2018]"
}

@MISC{CO2MeraciePristroje,
      author =       "Jan Vidim",
      title =        "{\it MĚŘENÍ KVALITY VZDUCHU A CO2 V INTERIÉRECH}",
      year =         "2013",
      month =        Aug,
      url =          "https://www.asb-portal.cz/tzb/vetrani-a-klimatizace/mereni-kvality-vzduchu-a-co2-v-interierech",
      note =         "[Online; navštívené 28.05.2018]"
}

@BOOK{klasifikacia,
      author =       "Ethem Alpaydın",
      title =        "{\it Introduction to Machine Learning}",
      publisher =    "MIT Press",
      year =         "2014",
      pages =        "640",
      isbn =         "9780262325752",
}

@MISC{PorovnanieIQHome,
      author =       "IQ Home",
      title =        "{\it CO2 Temperature Relative Humidity Sensor}",
      year =         "",
      url =          "https://www.iqhome.org/sensors/SN-THC-02",
      note =         "[Online; navštívené 28.05.2018]"
}

@MISC{PorovnanieProtronix,
      author =       "Protronix",
      title =        "{\it Kombinované čidlo CO2, RH, T s IQRF}",
      year =         "",
      url =          "https://www.careforair.eu/wp-content/uploads/2017/12/um-NLII-CO2RHT-IQRF-cz-V3-171211.pdf",
      note =         "[Online; navštívené 28.05.2018]"
}

@MISC{wekaManual,
      author =       "Remco R. Bouckaert and Eibe Frank and Mark Hall and Richard Kirkby and Peter Reutemann and Alex Seewald and David Scuse",
      title =        "{\it WEKA Manual for Version 3-7-13}",
      year =         "2015",
      month =        Nov,
      url =          "https://sourceforge.net/projects/weka/postdownload?source=dlp",
      note =         "[Online; navštívené 28.05.2018]"
}

@MISC{ucebnicaChemie,
      author =       "Petr Hrabal",
      title =        "{\it Učebnice chemie - oxid uhličitý}",
      year =         "",
      url =          "http://ucebnicechemie.wz.cz/index.php?sloucenina=oxid_uhlicity",
      note =         "[Online; navštívené 28.05.2018]"
}

@MISC{niosh,
      author =       "NIOSH",
      title =        "{\it CDC - NIOSH Pocket Guide to Chemical Hazards  - Carbon dioxide}",
      year =         "2016",
      url =          "https://www.cdc.gov/niosh/npg/npgd0103.html",
      note =         "[Online; navštívené 28.05.2018]"
}

@MISC{PhotosynthesisRespiracia,
      author =       "BBC",
      title =        "{\it BBC - GCSE Bitesize: Photosynthesis}",
      year =         "",
      url =          "http://www.bbc.co.uk/schools/gcsebitesize/science/add_ocr_21c/life_processes/plantfoodrev1.shtml",
      note =         "[Online; navštívené 28.05.2018]"
}
