@misc{keyboard,
	author = "",
	title = "User Datagram Protocol",
	year = "2016",
	url = "http://merlin.fit.vutbr.cz/FITkit/docs/firmware/fpga\_keyboard.html",
	note = "[online, cit. 20.11.2016]",
}
@misc{casovac,
	author = "",
	title = "User Datagram Protocol1445",
	year = "2016",
	url = "http://merlin.fit.vutbr.cz/FITkit/docs/aplikace/apps\_demo\_msp\_clock.html",
	note = "[online, cit. 20.11.2016]",
}

